<?xml version="1.0" encoding="UTF-8"?><collection><record><leader>07253ntm a2200673 a 4500</leader><controlfield tag="001">006814021</controlfield><controlfield tag="003">MiAaHDL</controlfield><controlfield tag="005">20190719000000.0</controlfield><controlfield tag="006">m        d        </controlfield><controlfield tag="007">cr bn ---auaua</controlfield><controlfield tag="008">090608s1653    xx            00| ||per d</controlfield><datafield tag="035" ind1=" " ind2=" "><subfield code="a">(MiU)006814021</subfield></datafield><datafield tag="035" ind1=" " ind2=" "><subfield code="a">sdr-miu006814021</subfield></datafield><datafield tag="040" ind1=" " ind2=" "><subfield code="a">MiU</subfield><subfield code="c">MiU</subfield><subfield code="e">amremm</subfield></datafield><datafield tag="041" ind1="0" ind2=" "><subfield code="a">per</subfield><subfield code="a">ara</subfield></datafield><datafield tag="043" ind1=" " ind2=" "><subfield code="a">n-us-mi</subfield></datafield><datafield tag="100" ind1="1" ind2=" "><subfield code="6">880-01</subfield><subfield code="a">Qāḍī Mīr, Ḥusayn ibn Muʻīn al-Dīn,</subfield><subfield code="d">-1504 or 1505.</subfield></datafield><datafield tag="245" ind1="1" ind2="0"><subfield code="6">880-03</subfield><subfield code="a">[Sharḥ-i Dīvān-i mansūb bih Amīr al-Muʼminīn ʻAlī ibn Abī Ṭālib,</subfield><subfield code="f">1063, i.e. 1653].</subfield></datafield><datafield tag="246" ind1="3" ind2=" "><subfield code="i">Title in GAL:</subfield><subfield code="a">Sharḥ Dīwān ʻAlī</subfield></datafield><datafield tag="246" ind1="3" ind2=" "><subfield code="i">Title from inscription on upper board lining (Yahuda's tentative identification):</subfield><subfield code="a">انساب الفاطميين</subfield></datafield><datafield tag="246" ind1="3" ind2=" "><subfield code="i">Title from close on p.153:</subfield><subfield code="a">فواتح سبعه</subfield></datafield><datafield tag="246" ind1="3" ind2=" "><subfield code="a">شرح دیوان منسوب به امیر المؤمنین علی بن ابی طالب</subfield></datafield><datafield tag="260" ind1=" " ind2=" "><subfield code="c">[1653].</subfield></datafield><datafield tag="300" ind1=" " ind2=" "><subfield code="a">315 leaves :</subfield><subfield code="b">paper ;</subfield><subfield code="c">290 x 200 (185 x 100) mm.</subfield></datafield><datafield tag="500" ind1=" " ind2=" "><subfield code="a">Shelfmark: Ann Arbor, University of Michigan, Special Collections Library, Isl. Ms. 684</subfield></datafield><datafield tag="500" ind1=" " ind2=" "><subfield code="a">Origin: As appears in colophon on p.629, copied by Abū al-Qāsim ibn Āghā Jān bin Baz [?] with transcription completed 14 Rajab [?] 1063 [ca. 10 June 1653]. As appears in preceding authorial colophon (also on p.629), composition completed in Ṣafar 890 [1485].</subfield></datafield><datafield tag="500" ind1=" " ind2=" "><subfield code="a">Accompanying materials: a. Inventory cataloguing slip in hand of Winifred Smeaton Thomas -- b. Acquisitions slip from Yahuda -- c. Portion of a printed page with list of titles in Arabic script, perhaps torn from a catalogue -- d. Slip ruled with a red grid (between pp.112-113).</subfield></datafield><datafield tag="500" ind1=" " ind2=" "><subfield code="a">Former shelfmark: From interior of upper cover and spine label, "IL 22" (likely supplied by Yahuda, see acquisitions slip).</subfield></datafield><datafield tag="500" ind1=" " ind2=" "><subfield code="a">Binding: Pasteboards covered in black (upper cover, which appears to be a replacement for the original) and brown (lower cover and spine) leathers ; Type II (with flap, though now lost) ; upper board lining in untinted wove paper ; lower doublure in red-brown leather ; lower cover carries blind-stamped (with recessed onlay) scalloped mandorla (filled with scene of two antelopes and a flowering tree) and pendants, as well as tooled border in a series of s-shaped stamps flanked by tooled fillets ; sewn in red thread, two stations ; worked chevron endbands in light yellow and pink, only portion of tailband remains ; overall in quite poor condition with flap lost, extensive abrasion, lifting and losses of leather (especially to replacement upper cover), staining, severe moisture damage and shrinkage in upper cover, fills to upper cover in bits of black leather and pink textile, etc.</subfield></datafield><datafield tag="500" ind1=" " ind2=" "><subfield code="a">Support: European laid paper ; mainly with 13 laid lines per cm. (horizontal), chain lines spaced 24-27 mm. apart (vertical), and watermark of crown above fleur de lis (see p.25, etc.), extremely well sized and burnished (quite glossy), transluscent and quite crisp, though sturdy ; another type with 11 laid lines per cm. (horizontal), chain lines spaced 23 mm. apart (vertical), and watermark of an inverted teardrop shape with cross (see p.452, etc.) ; burnisher's marks visible.</subfield></datafield><datafield tag="500" ind1=" " ind2=" "><subfield code="a">Decoration: Keywords (فتح، ميقرمايد، الخ), headings for excerpts from the dīwān attributed to ʻAlī ibn Abī Ṭālib, and abbreviation symbols (sigla, etc.) rubricated ; most Arabic excerpts overlined in red ; textual dividers in the form of 'three inverted commas' conjoined to form a single stroke ; a few diagrams in red and black ink (see pp.49-51, 67, 112).</subfield></datafield><datafield tag="500" ind1=" " ind2=" "><subfield code="a">Script: Nastaʻlīq and naskh ; elegant Persianate hand ; nastaʻlīq sans serif with slight effect of words descending to baseline, mainly closed counters, sweeping horizontal strokes, pointing in strokes or conjoined dots ; Arabic excerpts mainly in a medium naskh, serifless and fairly vertical but with slight effect of tilt to the left, quite rounded with curvilinear descenders, pointing in strokes rather than distinct dots.</subfield></datafield><datafield tag="500" ind1=" " ind2=" "><subfield code="a">Layout: Written in 19 lines per page, occasionally divided to two columns to set off poetry ; frame-ruled.</subfield></datafield><datafield tag="500" ind1=" " ind2=" "><subfield code="a">Collation: IV+1 (9), 37 IV(305), V (315) ; almost exclusively quaternions ; quires marked in black ink ("رب يسر") at the head of the recto of the opening leaf of each quire ; catchwords present ; pagination in pencil, Western numerals.</subfield></datafield><datafield tag="500" ind1=" " ind2=" "><subfield code="a">Colophon: "Scribal," reads "تمت الكتاب بعون الملك الوهاب بتاريخ ۱۴ شهر رجب المرجب سنه ۱۰۶۳ م م م المحتاج الى رحمة الله الغني ابو القاسم بن آغا جان بن بز"</subfield></datafield><datafield tag="500" ind1=" " ind2=" "><subfield code="a">Explicit: "ارجو النجا بكم يوم المعادون حبت نداى من الذنب الافانينا"</subfield></datafield><datafield tag="500" ind1=" " ind2=" "><subfield code="a">Incipit: "اهل فقر همت طلبیم آینه ذات حق چو درویشانند ..."</subfield></datafield><datafield tag="500" ind1=" " ind2=" "><subfield code="a">Title supplied by cataloguer.</subfield></datafield><datafield tag="500" ind1=" " ind2=" "><subfield code="a">Ms. codex.</subfield></datafield><datafield tag="505" ind1="0" ind2=" "><subfield code="a">2. p.153-p.629 : [continuation of Sharḥ-i Dīvān-i mansūb bih Amīr al-Muʼminīn ʻAlī ibn Abī Ṭālib] / Qāḍī Mīr Ḥusayn ibn Muʻīn al-Dīn al-Maybudī.</subfield></datafield><datafield tag="505" ind1="0" ind2=" "><subfield code="a">1. p.1-p.153 : Favātiḥ-i sabʻah / Qāḍī Mīr Ḥusayn ibn Muʻīn al-Dīn al-Maybudī.</subfield></datafield><datafield tag="510" ind1="4" ind2=" "><subfield code="a">Qāḍī Mīr Ḥusayn ibn Muʻīn al-Dīn Maybudī Yazdī. Sharḥ-i Dīvān-i mansūb bih Amīr al-Muʼminīn ʻAlī ibn Abī Ṭālib. Ḥasan Raḥmānī and Ibrāhīm Ashk Shīrīn (Eds.). Tihrān : Mīrās̲-i Maktūb, 2000.</subfield></datafield><datafield tag="510" ind1="4" ind2=" "><subfield code="a">Brockelmann, C. GAL,</subfield><subfield code="c">S II 294 6. no.5 ; S I 983 zu 74</subfield></datafield><datafield tag="520" ind1="8" ind2=" "><subfield code="a">Elegant but acephalous copy (opening in the first Fātiḥah, compare p.18 of the 2000 Tihrān edition) of the commentary by Qāḍī Mīr Ḥusayn ibn Muʻīn al-Dīn al-Manṭiqī al-Maybudī al-Yazdī (d.1504?) upon the dīwān attributed to ʻAlī ibn Abī Ṭālib (ca. 600-661), opening with the Favātiḥ-i sabʻah.</subfield></datafield><datafield tag="538" ind1=" " ind2=" "><subfield code="a">Mode of access: Internet.</subfield></datafield><datafield tag="541" ind1=" " ind2=" "><subfield code="a">Acquired in 1926 from the bookseller Isaac Benjamin S.E. Yahuda via purchase transacted on his behalf by Abraham Shalom Yahuda (1877-1951), his younger brother.</subfield></datafield><datafield tag="546" ind1=" " ind2=" "><subfield code="a">Persian and Arabic.</subfield></datafield><datafield tag="561" ind1=" " ind2=" "><subfield code="a">Octagonal seal impression in the lower outer corner of p.619 (possibly dated 1084 [1673 or 4]) ; a few marginal corrections.</subfield></datafield><datafield tag="600" ind1="0" ind2="0"><subfield code="a">ʻAlī ibn Abī Ṭālib,</subfield><subfield code="c">Caliph,</subfield><subfield code="d">approximately 600-661.</subfield><subfield code="t">Poems.</subfield></datafield><datafield tag="650" ind1=" " ind2="0"><subfield code="a">Manuscripts, Arabic</subfield><subfield code="z">Michigan</subfield><subfield code="z">Ann Arbor.</subfield></datafield><datafield tag="650" ind1=" " ind2="0"><subfield code="a">Manuscripts, Persian</subfield><subfield code="z">Michigan</subfield><subfield code="z">Ann Arbor.</subfield></datafield><datafield tag="650" ind1=" " ind2="0"><subfield code="a">Sufism</subfield><subfield code="v">Early works to 1800.</subfield></datafield><datafield tag="650" ind1=" " ind2="0"><subfield code="a">Islamic philosophy</subfield><subfield code="v">Early works to 1800.</subfield></datafield><datafield tag="650" ind1=" " ind2="0"><subfield code="a">Arabic poetry</subfield><subfield code="y">622-750</subfield><subfield code="x">History and criticism</subfield><subfield code="v">Early works to 1800.</subfield></datafield><datafield tag="700" ind1="0" ind2=" "><subfield code="6">880-07</subfield><subfield code="a">Abū al-Qāsim ibn Āghā Jān,</subfield><subfield code="d">fl. 1653,</subfield><subfield code="e">scribe.</subfield></datafield><datafield tag="773" ind1="0" ind2=" "><subfield code="a">Yahuda Collection.</subfield></datafield><datafield tag="880" ind1="0" ind2=" "><subfield code="6">700-07/</subfield><subfield code="a">ابو القاسم بن آغا جان,</subfield><subfield code="e">ناسخ.</subfield></datafield><datafield tag="880" ind1="1" ind2="0"><subfield code="6">245-03/</subfield><subfield code="a">[شرح ديوان منسوب به امير المؤمنين على بن ابى طالب,</subfield><subfield code="f">1063ه، 1653م].</subfield></datafield><datafield tag="880" ind1="1" ind2=" "><subfield code="6">100-01/</subfield><subfield code="a">قاضى مير، حسين بن معين الدين.</subfield></datafield><datafield tag="CID" ind1=" " ind2=" "><subfield code="a">006814021</subfield></datafield><datafield tag="DAT" ind1="0" ind2=" "><subfield code="a">20190719102638.0</subfield><subfield code="b">20190719000000.0</subfield></datafield><datafield tag="DAT" ind1="1" ind2=" "><subfield code="a">20190719090653.0</subfield><subfield code="b">2019-07-19T16:12:01Z</subfield></datafield><datafield tag="DAT" ind1="2" ind2=" "><subfield code="a">2015-10-02T18:00:03Z</subfield></datafield><datafield tag="CAT" ind1=" " ind2=" "><subfield code="a">SDR-MIU</subfield><subfield code="d">EX LIBRIS - ALEPH</subfield><subfield code="l">prepare.pl-004-008</subfield></datafield><datafield tag="FMT" ind1=" " ind2=" "><subfield code="a">BK</subfield></datafield><datafield tag="HOL" ind1=" " ind2=" "><subfield code="0">sdr-miu006814021</subfield><subfield code="a">MiU</subfield><subfield code="b">SDR</subfield><subfield code="c">MIU</subfield><subfield code="p">mdp.39015079128651</subfield><subfield code="s">MIU</subfield><subfield code="1">006814021</subfield></datafield><datafield tag="974" ind1=" " ind2=" "><subfield code="b">MIU</subfield><subfield code="c">MIU</subfield><subfield code="d">20190719</subfield><subfield code="s">lit-dlps-dc</subfield><subfield code="u">mdp.39015079128651</subfield><subfield code="y">1653</subfield><subfield code="r">pd</subfield><subfield code="q">bib</subfield><subfield code="t">non-US bib date1 &lt; 1896</subfield></datafield></record></collection>